@book{Golang,                                          
	author="Alan A. A. Donovan and Brian W. Kernighan",
	title="The Go Programming Language",               
	maintitle="JÄ™zyk Go",                              
	publisher="HELION S.A.",                           
	year="2016",                                       
	ISBN="978-83-283-2467-1"                           
}                                                      
